
% Third-Party Software
@article{agrawal2016trends,
  title={Trends in commercial-off-the-shelf vs. proprietary applications},
  author={Agrawal, Vijay K and Agrawal, Vipin K and Taylor, A Ross},
  journal={Journal of International Technology and Information Management},
  volume={25},
  number={4},
  pages={2},
  year={2016}
}

@misc{statista, 
title={App stores: number of apps in leading app stores 2018}, 
url={https://www.statista.com/statistics/276623/number-of-apps-available-in-leading-app-stores/}, 
publisher={Statista}
}

@inproceedings{maier2014divide,
  title={Divide-and-conquer: Why android malware cannot be stopped},
  author={Maier, Dominik and M{\"u}ller, Tilo and Protsenko, Mykola},
  booktitle={2014 Ninth International Conference on Availability, Reliability and Security},
  pages={30--39},
  year={2014},
  organization={IEEE}
}

@inproceedings{bosu2017collusive,
  title={Collusive data leak and more: Large-scale threat analysis of inter-app communications},
  author={Bosu, Amiangshu and Liu, Fang and Yao, Danfeng Daphne and Wang, Gang},
  booktitle={Proceedings of the 2017 ACM on Asia Conference on Computer and Communications Security},
  pages={71--85},
  year={2017},
  organization={ACM}
}

@misc{palmer_2019, 
title={8 Illicit Crypto-Mining Windows Apps Removed From Microsoft Store}, 
url={https://www.coindesk.com/8-illicit-crypto-mining-windows-apps-removed-from-microsoft-store}, 
publisher={CoinDesk}, 
author={Palmer, Daniel}, 
year={2019}, 
month={Feb}
}

% Malware
@misc{arntz_ccleaner_2017,
	title = {Infected CCleaner downloads from official servers},
  author = {Arntz, Peter},
	url = {https://blog.malwarebytes.com/security-world/2017/09/infected-ccleaner-downloads-from-official-servers/},
	journal = {Malwarebytes Labs},
	month = sep,
	year = 2017,
}

% Importance of Interpretability

@article{kaggle,
  author    = {Royi Ronen and
               Marian Radu and
               Corina Feuerstein and
               Elad Yom{-}Tov and
               Mansour Ahmadi},
  title     = {Microsoft Malware Classification Challenge},
  journal   = {CoRR},
  volume    = {abs/1802.10135},
  year      = {2018},
  url       = {http://arxiv.org/abs/1802.10135},
  archivePrefix = {arXiv},
  eprint    = {1802.10135},
  timestamp = {Mon, 13 Aug 2018 16:48:14 +0200},
  biburl    = {https://dblp.org/rec/bib/journals/corr/abs-1802-10135},
  bibsource = {dblp computer science bibliography, https://dblp.org}
}

% Understanding Program Behavior
@inproceedings{ghosh_behavior_1999,
 author = {Ghosh, Anup K. and Schwartzbard, Aaron and Schatz, Michael},
 title = {Learning Program Behavior Profiles for Intrusion Detection},
 booktitle = {Proceedings of the Workshop on Intrusion Detection and Network Monitoring},
 year = {1999},
 isbn = {1-880446-37-5},
 pages = {51--62},
 numpages = {12},
 url = {http://dl.acm.org/citation.cfm?id=647593.728880},
 acmid = {728880},
 publisher = {USENIX Association},
 address = {Berkeley, CA, USA},
}

@article{Sherwood_large_2002,
 author = {Sherwood, Timothy and Perelman, Erez and Hamerly, Greg and Calder, Brad},
 title = {Automatically Characterizing Large Scale Program Behavior},
 journal = {SIGOPS Oper. Syst. Rev.},
 issue_date = {December 2002},
 volume = {36},
 number = {5},
 month = oct,
 year = {2002},
 issn = {0163-5980},
 pages = {45--57},
 numpages = {13},
 url = {http://doi.acm.org/10.1145/635508.605403},
 doi = {10.1145/635508.605403},
 acmid = {605403},
 publisher = {ACM},
 address = {New York, NY, USA},
}

@inproceedings{Bowring_active_2004,
 author = {Bowring, James F. and Rehg, James M. and Harrold, Mary Jean},
 title = {Active Learning for Automatic Classification of Software Behavior},
 booktitle = {Proceedings of the 2004 ACM SIGSOFT International Symposium on Software Testing and Analysis},
 series = {ISSTA '04},
 year = {2004},
 isbn = {1-58113-820-2},
 location = {Boston, Massachusetts, USA},
 pages = {195--205},
 numpages = {11},
 url = {http://doi.acm.org/10.1145/1007512.1007539},
 doi = {10.1145/1007512.1007539},
 acmid = {1007539},
 publisher = {ACM},
 address = {New York, NY, USA},
 keywords = {Markov models, machine learning, software behavior, software testing},
}

@patent{Mohaisen_systems_2014,
author = {Mohaisen, Aziz and Alrawi, Omar and Larson, Matthew},
assignee = {Verisign, Inc.},
nationality = {United States},
year = {2014},
number = {US20140244733},
title = {Systems and methods for behavior-based automated malware analysis and classification},
url = {https://patents.google.com/patent/US20150244733},
}

@article{jacob2008behavioral,
  title={Behavioral detection of malware: from a survey towards an established taxonomy},
  author={Jacob, Gr{\'e}goire and Debar, Herv{\'e} and Filiol, Eric},
  journal={Journal in computer Virology},
  volume={4},
  number={3},
  pages={251--266},
  year={2008},
  publisher={Springer}
}

@article{shabtai2012andromaly,
  title={“Andromaly”: a behavioral malware detection framework for android devices},
  author={Shabtai, Asaf and Kanonov, Uri and Elovici, Yuval and Glezer, Chanan and Weiss, Yael},
  journal={Journal of Intelligent Information Systems},
  volume={38},
  number={1},
  pages={161--190},
  year={2012},
  publisher={Springer}
}

@inproceedings{wu2012droidmat,
  title={Droidmat: Android malware detection through manifest and api calls tracing},
  author={Wu, Dong-Jie and Mao, Ching-Hao and Wei, Te-En and Lee, Hahn-Ming and Wu, Kuo-Ping},
  booktitle={Information Security (Asia JCIS), 2012 Seventh Asia Joint Conference on},
  pages={62--69},
  year={2012},
  organization={IEEE}
}

@inproceedings{burguera2011crowdroid,
  title={Crowdroid: behavior-based malware detection system for android},
  author={Burguera, Iker and Zurutuza, Urko and Nadjm-Tehrani, Simin},
  booktitle={Proceedings of the 1st ACM workshop on Security and privacy in smartphones and mobile devices},
  pages={15--26},
  year={2011},
  organization={ACM}
}

% Malware Analysis and Classification

@misc{maec,
author = {The MITRE Corporation},
title = {Malware Attribute Enumeration and Characterization},
url = {http://maecproject.github.io/about-maec/},
}

@inproceedings{rieck2008learning,
  title={Learning and classification of malware behavior},
  author={Rieck, Konrad and Holz, Thorsten and Willems, Carsten and D{\"u}ssel, Patrick and Laskov, Pavel},
  booktitle={International Conference on Detection of Intrusions and Malware, and Vulnerability Assessment},
  pages={108--125},
  year={2008},
  organization={Springer}
}

@inproceedings{lindorfer2011detecting,
  title={Detecting environment-sensitive malware},
  author={Lindorfer, Martina and Kolbitsch, Clemens and Comparetti, Paolo Milani},
  booktitle={International Workshop on Recent Advances in Intrusion Detection},
  pages={338--357},
  year={2011},
  organization={Springer}
}

@inproceedings{santos2013opem,
  title={Opem: A static-dynamic approach for machine-learning-based malware detection},
  author={Santos, Igor and Devesa, Jaime and Brezo, Felix and Nieves, Javier and Bringas, Pablo Garcia},
  booktitle={International Joint Conference CISIS’12-ICEUTE 12-SOCO 12 Special Sessions},
  pages={271--280},
  year={2013},
  organization={Springer}
}

@patent{sun_signature_2006,
assignee = {Microsoft Technology Licensing LLC},
url = {https://patents.google.com/patent/US9996693B2/en},
year = {2006},
author = {Sun, Ning and Winkler, Patrick and Chu, Chengyun and Jia, Hong and Geffner, Jason and Lee, Tony and Mody, Jigar and Swiderski, Frank}
}

@inproceedings{bailey2007automated,
  title={Automated classification and analysis of internet malware},
  author={Bailey, Michael and Oberheide, Jon and Andersen, Jon and Mao, Z Morley and Jahanian, Farnam and Nazario, Jose},
  booktitle={International Workshop on Recent Advances in Intrusion Detection},
  pages={178--197},
  year={2007},
  organization={Springer}
}

% Interpretable Machine Learning

@inproceedings{vellido2012making,
  title={Making machine learning models interpretable.},
  author={Vellido, Alfredo and Mart{\'\i}n-Guerrero, Jos{\'e} David and Lisboa, Paulo JG},
  booktitle={ESANN},
  volume={12},
  pages={163--172},
  year={2012},
  organization={Citeseer}
}

@article{hainmueller2014kernel,
  title={Kernel regularized least squares: Reducing misspecification bias with a flexible and interpretable machine learning approach},
  author={Hainmueller, Jens and Hazlett, Chad},
  journal={Political Analysis},
  volume={22},
  number={2},
  pages={143--168},
  year={2014},
  publisher={Cambridge University Press}
}

@inproceedings{chen2016infogan,
  title={Infogan: Interpretable representation learning by information maximizing generative adversarial nets},
  author={Chen, Xi and Duan, Yan and Houthooft, Rein and Schulman, John and Sutskever, Ilya and Abbeel, Pieter},
  booktitle={Advances in neural information processing systems},
  pages={2172--2180},
  year={2016}
}

@article{doshi2017towards,
  title={Towards a rigorous science of interpretable machine learning},
  author={Doshi-Velez, Finale and Kim, Been},
  journal={arXiv preprint arXiv:1702.08608},
  year={2017}
}

% Procedure

@misc{objdump,
title = {Objdump},
publisher={GNU Binary Utilities},
url = {http://sourceware.org/binutils/docs/binutils/objdump.html},
}

% Data and Assembly Instructions

@misc{geeks,
title={GeeksForGeeks Website},
publisher={GeeksForGeeks},
url = {https://www.geeksforgeeks.org/},
}

@inproceedings{bao2014byteweight,
  title={$\{$BYTEWEIGHT$\}$: Learning to Recognize Functions in Binary Code},
  author={Bao, Tiffany and Burket, Jonathan and Woo, Maverick and Turner, Rafael and Brumley, David},
  booktitle={23rd $\{$USENIX$\}$ Security Symposium ($\{$USENIX$\}$ Security 14)},
  pages={845--860},
  year={2014}
}

% Word2Vec

@inproceedings{mikolov2013distributed,
  title={Distributed representations of words and phrases and their compositionality},
  author={Mikolov, Tomas and Sutskever, Ilya and Chen, Kai and Corrado, Greg S and Dean, Jeff},
  booktitle={Advances in neural information processing systems},
  pages={3111--3119},
  year={2013}
}


% LDA and hLDA

@article{blei2003latent,
  title={Latent dirichlet allocation},
  author={Blei, David M and Ng, Andrew Y and Jordan, Michael I},
  journal={Journal of machine Learning research},
  volume={3},
  number={Jan},
  pages={993--1022},
  year={2003}
}

@inproceedings{griffiths2004hierarchical,
  title={Hierarchical topic models and the nested Chinese restaurant process},
  author={Griffiths, Thomas L and Jordan, Michael I and Tenenbaum, Joshua B and Blei, David M},
  booktitle={Advances in neural information processing systems},
  pages={17--24},
  year={2004}
}

@inproceedings{yuan2015lightlda,
  title={Lightlda: Big topic models on modest computer clusters},
  author={Yuan, Jinhui and Gao, Fei and Ho, Qirong and Dai, Wei and Wei, Jinliang and Zheng, Xun and Xing, Eric Po and Liu, Tie-Yan and Ma, Wei-Ying},
  booktitle={Proceedings of the 24th International Conference on World Wide Web},
  pages={1351--1361},
  year={2015},
  organization={International World Wide Web Conferences Steering Committee}
}

% Discussion

% Large Scale

@misc{guidedlda,
title = {Guided LDA},
author = {Singh, Vikash},
year = {2017},
url = {https://guidedlda.readthedocs.io/en/latest/},
}

@article{hype,
  author    = {Marc Claesen and
               Bart De Moor},
  title     = {Hyperparameter Search in Machine Learning},
  journal   = {CoRR},
  volume    = {abs/1502.02127},
  year      = {2015},
  url       = {http://arxiv.org/abs/1502.02127},
  archivePrefix = {arXiv},
  eprint    = {1502.02127},
  timestamp = {Mon, 13 Aug 2018 16:48:58 +0200},
  biburl    = {https://dblp.org/rec/bib/journals/corr/ClaesenM15},
  bibsource = {dblp computer science bibliography, https://dblp.org}
}

% Future Work

% HDP

@inproceedings{chang2009reading,
  title={Reading tea leaves: How humans interpret topic models},
  author={Chang, Jonathan and Gerrish, Sean and Wang, Chong and Boyd-Graber, Jordan L and Blei, David M},
  booktitle={Advances in neural information processing systems},
  pages={288--296},
  year={2009}
}

@inproceedings{teh2005sharing,
  title={Sharing clusters among related groups: Hierarchical Dirichlet processes},
  author={Teh, Yee W and Jordan, Michael I and Beal, Matthew J and Blei, David M},
  booktitle={Advances in neural information processing systems},
  pages={1385--1392},
  year={2005}
}

% EXTRAS
@inproceedings{Bilge:2012:BWK:2382196.2382284,
 author = {Bilge, Leyla and Dumitra\c{s}, Tudor},
 title = {Before We Knew It: An Empirical Study of Zero-day Attacks in the Real World},
 booktitle = {Proceedings of the 2012 ACM Conference on Computer and Communications Security},
 series = {CCS '12},
 year = {2012},
 isbn = {978-1-4503-1651-4},
 location = {Raleigh, North Carolina, USA},
 pages = {833--844},
 numpages = {12},
 url = {http://doi.acm.org/10.1145/2382196.2382284},
 doi = {10.1145/2382196.2382284},
 acmid = {2382284},
 publisher = {ACM},
 address = {New York, NY, USA},
 keywords = {full disclosure, vulnerabilities, zero-day attacks},
}

@techreport{ellison2010evaluating,
  title={Evaluating and mitigating software supply chain security risks},
  author={Ellison, Robert J and Goodenough, John B and Weinstock, Charles B and Woody, Carol},
  year={2010},
  institution={CARNEGIE-MELLON UNIV PITTSBURGH PA SOFTWARE ENGINEERING INST}
}

@techreport{souppaya_guide_2013,
	title = {Guide to {Malware} {Incident} {Prevention} and {Handling} for {Desktops} and {Laptops}},
	url = {https://nvlpubs.nist.gov/nistpubs/SpecialPublications/NIST.SP.800-83r1.pdf},
	language = {en},
	number = {NIST SP 800-83r1},
	urldate = {2018-07-18},
	institution = {National Institute of Standards and Technology},
	author = {Souppaya, Murugiah and Scarfone, Karen},
	month = jul,
	year = {2013},
	doi = {10.6028/NIST.SP.800-83r1},
}

@misc{nisc_sendmail,
	title = {NVD - CVE-2002-1337 Detail },
	url = {https://nvd.nist.gov/vuln/detail/CVE-2002-1337},
	journal = {National Security Database},
	month = March,
	year = 2003,
}
